<record><leader>00000cas a22000007a 4500</leader><controlfield tag="001">21580167</controlfield><controlfield tag="008">900523d19051954mouwr ne      0    0eng d</controlfield><datafield ind1=" " ind2=" " tag="010"><subfield code="a">sn 90061736 </subfield></datafield><datafield ind1=" " ind2=" " tag="040"><subfield code="a">MQN</subfield><subfield code="b">eng</subfield><subfield code="c">MQN</subfield><subfield code="d">OCLCQ</subfield></datafield><datafield ind1=" " ind2=" " tag="042"><subfield code="a">msc</subfield></datafield><datafield ind1="0" ind2="4" tag="245"><subfield code="a">The Steelville ledger.</subfield></datafield><datafield ind1=" " ind2=" " tag="260"><subfield code="a">Steelville, Crawford County, Mo. :</subfield><subfield code="b">J.A. Black,</subfield><subfield code="c">1905-1954.</subfield></datafield><datafield ind1=" " ind2=" " tag="300"><subfield code="a">v.</subfield></datafield><datafield ind1=" " ind2=" " tag="310"><subfield code="a">Weekly</subfield></datafield><datafield ind1="0" ind2=" " tag="362"><subfield code="a">Vol. 18, no. 11 (Oct. 19, 1905)-v. 66, no. 27 (Jan. 7, 1954).</subfield></datafield><datafield ind1=" " ind2="4" tag="651"><subfield code="a">Crawford County (Mo.)</subfield><subfield code="v">Newspapers.</subfield></datafield><datafield ind1=" " ind2=" " tag="752"><subfield code="a">United States</subfield><subfield code="b">Missouri</subfield><subfield code="c">Crawford</subfield><subfield code="d">Steelville.</subfield></datafield><datafield ind1="0" ind2="0" tag="780"><subfield code="t">Crawford County Democrat</subfield><subfield code="w">(DLC)sn 90061735</subfield></datafield><datafield ind1="0" ind2="4" tag="785"><subfield code="t">Crawford mirror</subfield><subfield code="w">(DLC)sn 86064001</subfield></datafield><datafield ind1="1" ind2=" " tag="029"><subfield code="a">AU@</subfield><subfield code="b">000025855245</subfield></datafield></record>